<record><leader>00000cas a2200000 a 4500</leader><controlfield tag="001">10841333</controlfield><controlfield tag="008">840614d18311836vtuwr ne      0   a0eng d</controlfield><datafield ind1=" " ind2=" " tag="010"><subfield code="a">sn 84023199 </subfield></datafield><datafield ind1=" " ind2=" " tag="040"><subfield code="a">AQM</subfield><subfield code="b">eng</subfield><subfield code="c">AQM</subfield><subfield code="d">NPX</subfield><subfield code="d">DLC</subfield><subfield code="d">NSD</subfield><subfield code="d">MGN</subfield><subfield code="d">NVN</subfield><subfield code="d">OCL</subfield><subfield code="d">NVN</subfield><subfield code="d">SLU</subfield><subfield code="d">NVN</subfield><subfield code="d">OCLCA</subfield><subfield code="d">OCLCF</subfield><subfield code="d">DLC</subfield></datafield><datafield ind1="0" ind2=" " tag="022"><subfield code="a">2333-7621</subfield><subfield code="2">1</subfield></datafield><datafield ind1=" " ind2=" " tag="042"><subfield code="a">msc</subfield><subfield code="a">nsdp</subfield></datafield><datafield ind1=" " ind2=" " tag="043"><subfield code="a">n-us-vt</subfield></datafield><datafield ind1="0" ind2="0" tag="050"><subfield code="a">Newspaper</subfield></datafield><datafield ind1="0" ind2="0" tag="082"><subfield code="a">071</subfield><subfield code="2">23</subfield></datafield><datafield ind1="0" ind2=" " tag="130"><subfield code="a">State journal (Montpelier, Vt. : Oct. 1831)</subfield></datafield><datafield ind1=" " ind2="0" tag="222"><subfield code="a">State journal</subfield><subfield code="b">(Montpelier, Vt. Oct. 1831. Print)</subfield></datafield><datafield ind1="1" ind2="0" tag="245"><subfield code="a">State journal.</subfield></datafield><datafield ind1="1" ind2="3" tag="246"><subfield code="a">Vermont State journal</subfield></datafield><datafield ind1="1" ind2="3" tag="246"><subfield code="a">State Vermont journal</subfield></datafield><datafield ind1=" " ind2=" " tag="260"><subfield code="a">Montpelier, Vt. :</subfield><subfield code="b">Knapp &amp; Jewett,</subfield><subfield code="c">1831-1836.</subfield></datafield><datafield ind1=" " ind2=" " tag="300"><subfield code="a">v. :</subfield><subfield code="b">ill. (chiefly advertisements) ;</subfield><subfield code="c">52 cm.</subfield></datafield><datafield ind1=" " ind2=" " tag="310"><subfield code="a">Weekly</subfield></datafield><datafield ind1="0" ind2=" " tag="362"><subfield code="a">Vol. 1, no. 1 (Oct. 31, 1831)-v. 6, no. 6 (Nov. 29, 1836) = whole no., 266.</subfield></datafield><datafield ind1=" " ind2=" " tag="500"><subfield code="a">"Vermont" appears in title ornament, May 14, 1832-Dec. 22, 1834.</subfield></datafield><datafield ind1=" " ind2=" " tag="500"><subfield code="a">Editors: C.L. Knapp, Mr. Barber, &lt;1835&gt;; C.L. Knapp, 1836.</subfield></datafield><datafield ind1=" " ind2=" " tag="500"><subfield code="a">Publisher: Chauncey L. Knapp, 1836.</subfield></datafield><datafield ind1=" " ind2=" " tag="500"><subfield code="a">Anti-Masonic.</subfield></datafield><datafield ind1=" " ind2=" " tag="500"><subfield code="a">Also provides comprehensive international coverage.</subfield></datafield><datafield ind1=" " ind2=" " tag="530"><subfield code="a">Archived issues are available in digital format as part of the Library of Congress Chronicling America online collection.</subfield></datafield><datafield ind1=" " ind2=" " tag="580"><subfield code="a">Merged with: Vermont watchman and State gazette to form: Vermont watchman and State journal.</subfield></datafield><datafield ind1=" " ind2="0" tag="651"><subfield code="a">Vermont</subfield><subfield code="v">Newspapers.</subfield></datafield><datafield ind1=" " ind2="7" tag="651"><subfield code="a">Vermont.</subfield><subfield code="2">fast</subfield><subfield code="0">(OCoLC)fst01204305</subfield></datafield><datafield ind1=" " ind2="7" tag="655"><subfield code="a">Newspapers.</subfield><subfield code="2">fast</subfield><subfield code="0">(OCoLC)fst01423814</subfield></datafield><datafield ind1="1" ind2=" " tag="700"><subfield code="a">Knapp, Chauncey L.</subfield></datafield><datafield ind1=" " ind2=" " tag="752"><subfield code="a">United States</subfield><subfield code="b">Vermont</subfield><subfield code="c">Washington</subfield><subfield code="d">Montpelier.</subfield></datafield><datafield ind1="0" ind2="8" tag="776"><subfield code="i">Online version:</subfield><subfield code="t">State journal (Montpelier, Vt. : Oct. 1831 : Online)</subfield><subfield code="x">2333-763X</subfield><subfield code="w">(DLC)  2013271928</subfield></datafield><datafield ind1="1" ind2="7" tag="785"><subfield code="t">Vermont watchman and State gazette</subfield><subfield code="w">(DLC)sn 84023198</subfield><subfield code="w">(OCoLC)10815766</subfield></datafield><datafield ind1="1" ind2="7" tag="785"><subfield code="t">Vermont watchman and State journal</subfield><subfield code="x">1052-7419</subfield><subfield code="w">(DLC)sn 84023200</subfield><subfield code="w">(OCoLC)10841887</subfield></datafield><datafield ind1="4" ind2="1" tag="856"><subfield code="u">http://chroniclingamerica.loc.gov/lccn/sn84023199/issues/</subfield></datafield><datafield ind1="1" ind2=" " tag="029"><subfield code="a">AU@</subfield><subfield code="b">000020129380</subfield></datafield></record>